@ELECTRONIC{mar,
  author = {{WIKILIBROS}},
  year = {2014},
  title = {\texttt{https://es.wikibooks.org/wiki/Programaci\Ã³n\_Orientada\_a\_Objetos}}
}
	

